@misc{allaire_rticles_2022,
	title = {rticles: {Article} {Formats} for {R} {Markdown}},
	copyright = {GPL-3},
	shorttitle = {rticles},
	url = {https://CRAN.R-project.org/package=rticles},
	abstract = {A suite of custom R Markdown formats and templates for authoring journal articles and conference submissions.},
	urldate = {2023-04-22},
	author = {Allaire, J. J. and Xie, Yihui and Dervieux, Christophe and RStudio and Foundation, R. and Wickham, Hadley and Software, Journal of Statistical and Vaidyanathan, Ramnath and Machinery, Association for Computing and Boettiger, Carl and Elsevier and Broman, Karl and Mueller, Kirill and Quast, Bastiaan and Pruim, Randall and Marwick, Ben and Wickham, Charlotte and Keyes, Oliver and Yu, Miao and Emaasit, Daniel and Onkelinx, Thierry and Gasparini, Alessandro and Desautels, Marc-Andre and Leutnant, Dominik and MDPI and Francis, Taylor and and Öğreden, Oğuzhan and Hance, Dalton and Nüst  [aut, Daniel and cph and Uvesten, Petter and Campitelli, Elio and Muschelli, John and Hayes, Alex and Kamvar, Zhian N. and Ross  [aut, Noam and cph and Cannoodt 
     (rcannood), Robrecht and Luguern, Duncan and Kaplan 
     (dmkaplan2000), David M. and Kreutzer, Sebastian and Wang, Shixiang and Hesselberth, Jay and Hernández, Alfredo and Coretta 
     (stefanocoretta), Stefano and Macfarlane  (gregmacfarlane), Greg and Templ 
     (matthias-da), Matthias and Uzaheta  (auzaheta), Alvaro and Seo, JooYoung and Arnold  (arnold-c), Callum and Hyndman, Rob and Perepolkin 
     (dmi3kno), Dmytro and Palmer  
    (remlapmot), Tom},
	month = aug,
	year = {2022},
}

@article{delmas2019analysing,
  title={Analysing ecological networks of species interactions},
  author={Delmas, Eva and Besson, Mathilde and Brice, Marie-H{\'e}l{\`e}ne and Burkle, Laura A and Dalla Riva, Giulio V and Fortin, Marie-Jos{\'e}e and Gravel, Dominique and Guimar{\~a}es Jr, Paulo R and Hembry, David H and Newman, Erica A and others},
  journal={Biological Reviews},
  volume={94},
  number={1},
  pages={16--36},
  year={2019},
  publisher={Wiley Online Library}
}

@article{cagua2019keystoneness,
  title={Keystoneness, centrality, and the structural controllability of ecological networks},
  author={Cagua, Edgar Fernando and Wootton, Kate L and Stouffer, Daniel B},
  journal={Journal of Ecology},
  volume={107},
  number={4},
  pages={1779--1790},
  year={2019},
  publisher={Wiley Online Library}
}

@misc{csardi_igraph_2023,
	title = {igraph: {Network} {Analysis} and {Visualization}},
	copyright = {GPL-2 {\textbar} GPL-3 [expanded from: GPL (≥ 2)]},
	shorttitle = {igraph},
	url = {https://CRAN.R-project.org/package=igraph},
	abstract = {Routines for simple graphs and network analysis. It can handle large graphs very well and provides functions for generating random and regular graphs, graph visualization, centrality methods and much more.},
	urldate = {2023-04-22},
	author = {Csárdi, Gábor and file.), Tamás Nepusz (See also AUTHORS and Traag, Vincent and Horvát, Szabolcs and Zanini, Fabio and Noom, Daniel and Müller, Kirill and Salmon, Maëlle and details, Chan Zuckerberg Initiative igraph author},
	month = apr,
	year = {2023},
	keywords = {GraphicalModels, Optimization},
}

@article{Feynman1963118,
  title   = "The theory of a general quantum system interacting with a linear dissipative system",
  journal = "Annals of Physics ",
  volume  = "24",
  pages   = "118--173",
  year    = "1963",
  doi     = "10.1016/0003-4916(63)90068-X",
  author  = "R. P Feynman and F. L {Vernon Jr.}"
}

@misc{landau_tarchetypes_2023,
	title = {tarchetypes: {Archetypes} for {Targets}},
	copyright = {MIT + file LICENSE},
	shorttitle = {tarchetypes},
	url = {https://CRAN.R-project.org/package=tarchetypes},
	abstract = {Function-oriented Make-like declarative pipelines for Statistics and data science are supported in the 'targets' R package. As an extension to 'targets', the 'tarchetypes' package provides convenient user-side functions to make 'targets' easier to use. By establishing reusable archetypes for common kinds of targets and pipelines, these functions help express complicated reproducible pipelines concisely and compactly. The methods in this package were influenced by the 'drake' R package by Will Landau (2018) {\textless}doi:10.21105/joss.00550{\textgreater}.},
	urldate = {2023-04-22},
	author = {Landau, William Michael and Oliver, Samantha and Mahr, Tristan and Company, Eli Lilly and},
	month = mar,
	year = {2023},
}

@misc{landau_targets_2023,
	title = {targets: {Dynamic} {Function}-{Oriented} '{Make}'-{Like} {Declarative} {Pipelines}},
	copyright = {MIT + file LICENSE},
	shorttitle = {targets},
	url = {https://CRAN.R-project.org/package=targets},
	abstract = {A pipeline toolkit for Statistics and data science in R, the 'targets' package brings function-oriented programming to 'Make'-like declarative pipelines. 'targets' orchestrates a pipeline as a graph of dependencies, skips steps that are already up to date, runs the necessary computation with optional parallel workers, abstracts files as R objects, and provides tangible evidence that the results are reproducible given the underlying code and data. The methodology in this package borrows from GNU 'Make' (2015, ISBN:978-9881443519) and 'drake' (2018, {\textless}doi:10.21105/joss.00550{\textgreater}).},
	urldate = {2023-04-22},
	author = {Landau, William Michael and Warkentin, Matthew T. and Edmondson, Mark and Oliver, Samantha and Mahr, Tristan and Company, Eli Lilly and},
	month = mar,
	year = {2023},
	keywords = {HighPerformanceComputing, ReproducibleResearch},
}

@misc{muller_rsqlite_2023,
	title = {{RSQLite}: {SQLite} {Interface} for {R}},
	copyright = {LGPL-2.1 {\textbar} LGPL-3 [expanded from: LGPL (≥ 2.1)]},
	shorttitle = {{RSQLite}},
	url = {https://CRAN.R-project.org/package=RSQLite},
	abstract = {Embeds the SQLite database engine in R and provides an interface compliant with the DBI package. The source for the SQLite engine and for various extensions in a recent version is included. System libraries will never be consulted because this package relies on static linking for the plugins it includes; this also ensures a consistent experience across all installations.},
	urldate = {2023-04-20},
	author = {Müller, Kirill and Wickham, Hadley and James, David A. and Falcon, Seth and sources), D. Richard Hipp (for the included SQLite and sources), Dan Kennedy (for the included SQLite and sources), Joe Mistachkin (for the included SQLite and sources), SQLite Authors (for the included SQLite and sources), Liam Healy (for the included SQLite and Consortium, R. and RStudio},
	month = apr,
	year = {2023},
	keywords = {Databases},
}


@misc{adler_vioplot_2022,
	title = {vioplot: {Violin} {Plot}},
	copyright = {BSD\_3\_clause + file LICENSE},
	shorttitle = {vioplot},
	url = {https://CRAN.R-project.org/package=vioplot},
	abstract = {A violin plot is a combination of a box plot and a kernel density plot. This package allows extensive customisation of violin plots.},
	urldate = {2023-04-22},
	author = {Adler, Daniel and Kelly, S. Thomas and Elliott, Tom M. and Adamson, Jordan},
	month = dec,
	year = {2022},
}

@misc{wickham_scales_2022,
	title = {scales: {Scale} {Functions} for {Visualization}},
	copyright = {MIT + file LICENSE},
	shorttitle = {scales},
	url = {https://CRAN.R-project.org/package=scales},
	abstract = {Graphical scales map data to aesthetics, and provide methods for automatically determining breaks and labels for axes and legends.},
	urldate = {2023-04-22},
	author = {Wickham, Hadley and Seidel, Dana and RStudio},
	month = aug,
	year = {2022},
}
